@book{anderson,
	title = {Fundamentals of Aerodynamics},
	author = {John D. Anderson, Jr.},
	year = {2001},
	publisher = {McGraw-Hill},
	address = {Boston}
}

@book{book:293373,
   title =     {Complex Analysis with Applications},
   author =    {Richard A. Silverman},
   publisher = {Dover},
   isbn =      {0486647625,9780486647623},
   year =      {1984},
}
