@book{fisher,
	author = {Steven D. Fisher},
	title = {Complex Variables},
	year = {1986},
	publisher = {Brooks/Cole},
	address = {Belmont, California}
}

@book{motteler,
	author = {Zane C. Motteler},
	title = {Functions of Complex Variables},
	year = {1975},
	publisher = {Intext},
	address = {New York}
}

@book{anderson,
	author = {John D. Anderson, Jr.},
	title = {Fundamentals of Aerodynamics},
	edition = {3rd},
	year = {2001},
	publisher = {McGraw-Hill},
	address = {New York}
}
